@article{gunter2011using,
  title={Using satellite constellations for improved determination of Earth's time-variable gravity},
  author={Gunter, Brian C and Encarnacao, Joao and Ditmar, Pavel and Klees, Roland},
  journal={Journal of Spacecraft and Rockets},
  volume={48},
  number={2},
  pages={368--377},
  year={2011}
}

@article{resendes2007laser,
  title={Laser propulsion for ground launch},
  author={Resendes, David P and Mota, S{\'e}rgio and Mendon{\c{c}}a, Jos{\'e} T and Sanders, Berry and Encarna{\c{c}}{\~a}o, Jo{\~a}o and Del Amo, Jose Gonzalez},
  journal={Journal of Propulsion and Power},
  volume={23},
  number={1},
  pages={73--80},
  year={2007},
  publisher={American Institute of Aeronautics and Astronautics}
}

@inproceedings{resendes2006laser,
  title={Laser Propulsion for ESA Missions: Ground to Orbit Launch Project Overview—Part 1},
  author={Resendes, David P and Mota, S{\'e}rgio and Mendonca, Jose T and Sanders, Berry and Encarnac{\~a}o, Jo{\~a}o and del Amo, Jose Gonzalez and Myrabo, Leik},
  booktitle={BEAMED ENERGY PROPULSION: Fourth International Symposium on Beamed Energy Propulsion},
  volume={830},
  number={1},
  pages={576--587},
  year={2006},
  organization={AIP Publishing}
}

@inproceedings{hashemi2010contribution,
  title={Contribution of an accurate determination of GRACE satellite orbits to precise mass transport modeling},
  author={Hashemi Farahani, H and Ditmar, P and Encarnacao, J and Liu, X},
  booktitle={EGU General Assembly Conference Abstracts},
  volume={12},
  pages={10867},
  year={2010}
}

@inproceedings{gunter2010using,
  title={Using existing satellite constellations to complement current and future dedicated gravity field missions},
  author={Gunter, B and Encarna{\c{c}}{\~a}o, J and Ditmar, P and Klees, R},
  booktitle={AGU Fall Meeting Abstracts},
  volume={1},
  pages={0788},
  year={2010}
}

@inproceedings{ditmar2010mitigation,
  title={Mitigation of along-track artifacts in unconstrained mass transport models based on GRACE satellite data},
  author={Ditmar, Pavel and Hashemi Farahani, Hassan and Encarna{\c{c}}{\~a}o, Jo{\~a}o},
  booktitle={EGU General Assembly Conference Abstracts},
  volume={12},
  pages={10393},
  year={2010}
}

@article{mendoncca11,
  title={11. GROUP OF LASERS AND PLASMAS},
  author={Mendon{\c{c}}a, JT and Azambuja, R and Cardoso, L and Cataluna, M and Crespo, H and Davies, J and Dias, JM and Encarna{\c{c}}{\~a}o, J and Fajardo, M and Figueira, G and others}
}

@incollection{encarnaccao2009influence,
  title={Influence of hydrology-related temporal aliasing on the quality of monthly models derived from GRACE satellite gravimetric data},
  author={Encarna{\c{c}}{\~a}o, J and Klees, R and Zapreeva, E and Ditmar, P and Kusche, J},
  booktitle={Observing our Changing Earth},
  pages={323--328},
  year={2009},
  publisher={Springer Berlin Heidelberg}
}

@article{ditmar2012understanding,
  title={Understanding data noise in gravity field recovery on the basis of inter-satellite ranging measurements acquired by the satellite gravimetry mission GRACE},
  author={Ditmar, Pavel and Da Encarna{\c{c}}{\~a}o, Jo{\~a}o Teixeira and Farahani, Hassan Hashemi},
  journal={Journal of Geodesy},
  volume={86},
  number={6},
  pages={441--465},
  year={2012},
  publisher={Springer-Verlag}
}

@article{farahani2013validation,
  title={Validation of static gravity field models using GRACE K-band ranging and GOCE gradiometry data},
  author={Farahani, H Hashemi and Ditmar, P and Klees, R and da Encarna{\c{c}}{\~a}o, J Teixeira and Liu, XZQGJ and Zhao, Q and Guo, J},
  journal={Geophysical Journal International},
  volume={194},
  number={2},
  pages={751--771},
  year={2013},
  publisher={Oxford University Press}
}

@article{gunter2009determination,
  title={THE DETERMINATION OF TIME-VARIABLE GRAVITY FROM A CONSTELLATION OF NON-DEDICATED SATELLITES},
  author={Gunter, Brian C and Ditmar, Pavel and Encarnagao, Joao},
  journal={Advances in the Astronautical Sciences},
  volume={135},
  number={3},
  pages={1999--2007},
  year={2009},
  publisher={Univelt, Inc.}
}

@inproceedings{gunter2011investigation,
  title={An investigation into new advances in geodesy utilizing future satellite constellations},
  author={Gunter, B and Teixeira da Encarnacao, J and Ditmar, P and Klees, R},
  booktitle={AGU Fall Meeting Abstracts},
  volume={1},
  pages={03},
  year={2011}
}

@article{olsen2013swarm,
  title={The Swarm satellite constellation application and research facility (SCARF) and Swarm data products},
  author={Olsen, Nils and Friis-Christensen, Eigil and Floberghagen, Rune and Alken, Patrick and Beggan, Ciaran D and Chulliat, Arnaud and Doornbos, Eelco and Da Encarna{\c{c}}{\~a}o, Jo{\~a}o Teixeira and Hamilton, Brian and Hulot, Gauthier and others},
  journal={Earth, Planets and Space},
  volume={65},
  number={11},
  pages={1189--1200},
  year={2013},
  publisher={Springer Berlin Heidelberg}
}

@article{visser2013thermospheric,
  title={Thermospheric density and wind retrieval from Swarm observations},
  author={Visser, Pieter and Doornbos, Eelco and van den IJssel, Jose and Da Encarna{\c{c}}{\~a}o, Jo{\~a}o Teixeira},
  journal={Earth, Planets and Space},
  volume={65},
  number={11},
  pages={1319--1331},
  year={2013},
  publisher={Springer Berlin Heidelberg}
}

@inproceedings{doornbos2012thermospheric,
  title={Thermospheric density and wind from GOCE thruster activation and accelerometer data},
  author={Doornbos, E and Bruinsma, S and Koppenwallner, G and Fritsche, B and van den IJssel, J and Visser, P and de Teixeira da Encarnacao, J and Kern, M},
  booktitle={EGU General Assembly Conference Abstracts},
  volume={14},
  pages={5634},
  year={2012}
}

@inproceedings{resendes2005laser,
  title={Laser Propulsion for Ground to Orbit Launch},
  author={Resendes, David P and Mota, S{\'e}rgio and Mendon{\c{c}}a, Jos{\'e} T and Sanders, Berry and Encarna{\c{c}}{\~a}o, Jo{\~a}o and del Amo, Jose Gonzalez},
  booktitle={29th International Electric Propulsion Conference},
  year={2005}
}

@inproceedings{olsen2011scarf,
  title={SCARF-The Swarm Satellite Constellation Application and Research Facility},
  author={Olsen, N and Alken, P and Beggan, C and Chulliat, A and Doornbos, E and Floberghagen, R and Friis-Christensen, EA and Hamilton, B and Hulot, G and van den IJssel, J and others},
  booktitle={AGU Fall Meeting Abstracts},
  volume={1},
  pages={0980},
  year={2011}
}

@inproceedings{gunter2012potential,
  title={Potential contributions to space geodesy from the IridiumNEXT constellation},
  author={Gunter, BC and Encarna{\c{c}}{\~a}o, J and Ditmar, P and Klees, R},
  booktitle={AGU Fall Meeting Abstracts},
  volume={1},
  pages={01},
  year={2012}
}

@inproceedings{teixeira2002single,
  title={Single Stage To Orbit Minimum Requirements Through Numerical Simulation},
  author={Teixeira Encarnacao, J.G. and Ockels, W.J.},
  booktitle={53rd International Astronautical Congres},
  year={2002}
}

@inproceedings{gunter2012deriving,
  title={Deriving Global Time-Variable Gravity from Precise Orbits of the Iridium NEXT Constellation},
  author={Gunter, B.C. and Encarnacao, J. and Ditmar, P. and Klees, R. and van Barneveld, P.W.L. and Visser, P.},
  booktitle={AAS/AIAA Astrodynamics Specialist Conference, Alaska, USA},
  year={2012},
  organization={American Astronautical Society}
}

@misc{anselmi2011assessment,
  title={Assessment of a Next Generation Gravity Mission for Monitoring the Variations of Earth’s Gravity},
  author={Anselmi, A. and Cesare, S. and Visser, P.N.A.M. and van Dam, T. and Sneeuw, N. and Gruber, T. and Alt{\'e}s, B. and Cossu, F. and Ditmar, P. and Murb{\"o}ck, M. and others},
  journal={http://www.iapg.bgu.tum.de/mediadb/5746123/5746124/04\_AO7317\_RD4-NGGM\_FinalReport\_Issue2.pdf},
  number={ESTEC Contract No. 22643/09/NL/AF},
  year={2011}
}

@inproceedings{gunter2009use,
  title={The Use of Satellite Constellations and Formations for Future Satellite Gravity Missions},
  author={Gunter, Brian C. and Encarna{\c{c}}{\~a}o, Joao and Ditmar., Pavel},
  booktitle={Advances in the Astronautical Sciences},
  pages={1357--1368},
  year={2009},
  organization={www.univelt.com/book=1451}
}

@inproceedings{encarnacao2008analysis,
  title={Analysis of Satellite Formations in the Context of Gravity Field Retrieval},
  author={Encarnacao, J. and Ditmar, P. and Liu, X.},
  booktitle={The 3rd International Symposium on Formation Flying, Missions and Technologies},
  year={2008},
  organization={European Space Agency}
}

@article{van2015precise,
  title={Precise science orbits for the Swarm satellite constellation},
  author={Van Den IJssel, Jose and Encarna{\c{c}}{\~a}o, Jo{\~a}o and Doornbos, Eelco and Visser, Pieter},
  journal={Advances in Space Research},
  volume={56},
  number={6},
  pages={1042--1055},
  year={2015},
  publisher={Pergamon}
}

@inproceedings{bruinsma2014results,
  title={Results from the First Year of Swarm GPS Receiver and Accelerometer Data.},
  author={Bruinsma, Sean and Doornbos, E and Siemes, C and Perest{\`y}, R and Kraus, J and Bezdek, A and van den IJssel, J and Encarnacao, J and Visser, PN},
  booktitle={AGU Fall Meeting Abstracts},
  volume={1},
  pages={02},
  year={2014}
}

@inproceedings{doornbos2013air,
  title={Air density and wind retrieval using GOCE data},
  author={Doornbos, E and Bruinsma, S and Fritsche, B and Visser, P and Van Den IJssel, J and Encarnacao, J Teixeira and Kern, M},
  booktitle={ESA Special Publication},
  volume={722},
  pages={7},
  year={2013}
}

@article{friis2013preface,
  title={Preface},
  author={Friis-Christensen, Eigil and Floberghagen, Rune},
  journal={Earth, Planets and Space},
  volume={65},
  number={11},
  pages={1185--1187},
  year={2013},
  publisher={Springer Berlin Heidelberg}
}

@article{bezdvek2016time,
  title={Time-variable gravity fields derived from GPS tracking of Swarm},
  author={Bezd{\v{e}}k, Ale{\v{s}} and Sebera, Josef and da Encarna{\c{c}}{\~a}o, Jo{\~a}o Teixeira and Kloko{\v{c}}n{\'\i}k, Jaroslav},
  journal={Geophysical Journal International},
  volume={205},
  number={3},
  pages={1665--1669},
  year={2016},
  publisher={Oxford University Press}
}

@inproceedings{encarnaccao2015first,
  title={First monthly gravity field solutions derived from GPS orbits of Swarm},
  author={Encarna{\c{c}}ao, Joao and Arnold, Daniel and Bezdek, Ale{\v{s}} and Dahle, Christoph and Doornbos, Eelco and van den IJssel, Jose and J{\"a}ggi, Adrian and Mayer-G{\"u}rr, Torsten and Sebera, Josef and Visser, Pieter and others},
  booktitle={2015 AGU Fall Meeting},
  year={2015},
  organization={Agu}
}

@inproceedings{encarnacao2015impact,
  title={Impact of Orbit Position Errors on Future Satellite Gravity Models},
  author={Encarnacao, Joao},
  booktitle={2015 AGU Fall Meeting},
  year={2015},
  organization={Agu}
}

@article{siemes2016swarm,
  title={Swarm accelerometer data processing from raw accelerations to thermospheric neutral densities},
  author={Siemes, Christian and da Encarna{\c{c}}{\~a}o, Jo{\~a}o Teixeira and Doornbos, Eelco and IJssel, Jose and Kraus, Ji{\v{r}}{\'\i} and Pere{\v{s}}t{\`y}, Radek and Grunwaldt, Ludwig and Apelbaum, Guy and Flury, Jakob and Olsen, Poul Erik Holmdahl},
  journal={Earth, Planets and Space},
  volume={68},
  number={1},
  pages={1},
  year={2016},
  publisher={Springer Berlin Heidelberg}
}

@inproceedings{de2016gravity,
  title={Gravity field models derived from Swarm GPS data},
  author={de Teixeira da Encarna{\c{c}}{\~a}o, Jo{\~a}o and Arnold, Daniel and Bezdek, Ales and Dahle, Christoph and Doornbos, Eelco and van den IJssel, Jose and J{\"a}ggi, Adrian and Mayer-G{\"u}rr, Torsten and Sebera, Josef and Visser, Pieter and others},
  booktitle={EGU General Assembly Conference Abstracts},
  volume={18},
  pages={5967},
  year={2016}
}

@article{da2016gravity,
  title={Gravity field models derived from Swarm GPS data},
  author={da Encarna{\c{c}}{\~a}o, Jo{\~a}o Teixeira and Arnold, Daniel and Bezd{\v{e}}k, Ale{\v{s}} and Dahle, Christoph and Doornbos, Eelco and IJssel, Jose and J{\"a}ggi, Adrian and Mayer-G{\"u}rr, Torsten and Sebera, Josef and Visser, Pieter and others},
  journal={Earth, Planets and Space},
  volume={68},
  number={1},
  pages={1},
  year={2016},
  publisher={Springer Berlin Heidelberg}
}