/Users/teixeira/cloud/Common/github/latex/library.bib